@book{eco:tesi,
	author = {eco, umberto},
	title = {ciao},
	year = {1990}
}
@misc{WikipediaPOJO,
	title ={{Wikipedia POJO} definizione},
	howpublished = {\url{https://it.wikipedia.org/wiki/Plain_Old_Java_Object}},
	year = {2016}
}

	
	@Misc{martinfowler:activerecord,
		Author = {Martin_Fowler},
		Title  = {Active Record Pattern},
		Note   = {http://www.martinfowler.com/eaaCatalog/activeRecord.html},
		year = {2016}
	}