@book{eco:tesi,
	author = {eco, umberto},
	title = {ciao},
	year = {1990}
}